% This file was created with Citavi 6.5.0.0

@misc{quelle.2020,
 abstract = {Wussten Sie eigentlich, in wie vielen Alltagssituationen Temperatursensoren eingesetzt werden? Erfahren Sie, wie die {\"U}berwachung und die Regelung der Temperatur unser gesamtes Leben bestimmen.},
 author = {{TE Connectivity Corporation}},
 title = {Einblick in die verschiedenen Arten von Temperatursensoren},
 url = {https://www.te.com/deu-de/industries/sensor-solutions/insights/temperature-sensor-insights.html},
 urldate = {2020-10-04}
}


